@ARTICLE{ARTICLE_1,
    AUTHOR="John Doe",
    TITLE="Title",
    JOURNAL="Journal",
    YEAR="2017",
}

@article{storer2023sweet,
  title={Sweet and Timely Insurance: The Role of Honey in Reducing Coffee Producer Food Insecurity Exposure in Mexico},
  author={Storer, Grant Xavier},
  year={2023}
}
